@article{1,
  title={Firefly bioluminescence: a mechanistic approach of luciferase catalyzed reactions},
  author={Marques, Simone M and Esteves da Silva, Joaquim CG},
  journal={IUBMB life},
  volume={61},
  number={1},
  pages={6--17},
  year={2009},
  publisher={Wiley Online Library}
},

@article{2,
  title={Chemistries and colors of bioluminescent reactions: a review},
  author={Hastings, J Woodland},
  journal={Gene},
  volume={173},
  number={1},
  pages={5--11},
  year={1996},
  publisher={Elsevier}
},

@incollection{3,
  title={Visual adaptations in crustaceans: spectral sensitivity in diverse habitats},
  author={Marshall, J and Kent, J and Cronin, T},
  booktitle={Adaptive mechanisms in the ecology of vision},
  pages={285--327},
  year={1999},
  publisher={Springer}
},

@book{4,
  author    = {Schmidt, T and Schaechter, M}, 
  title     = {Topics in ecological and environmental microbiology},
  publisher = {Elsevier},
  year      = 2012,
  address   = {USA},
  edition   = 1,
},

@article{5,
  title={Bioluminescence in the ocean: origins of biological, chemical, and ecological diversity},
  author={Widder, Edith A},
  journal={Science},
  volume={328},
  number={5979},
  pages={704--708},
  year={2010},
  publisher={American Association for the Advancement of Science}
},

@book{6,
  author    = {Stephenson, F}, 
  title     = {Calculations for molecular biology and biotechnology: A guide to mathematics in the laboratory},
  publisher = {Elsevier},
  year      = 2003,
  address   = {USA},
  edition   = 1,
},

@article{7,
  title={Evaluation and comparison of the GUS, LUC and GFP reporter system for gene expression studies in plants},
  author={De Ruijter, NCA and Verhees, J and Van Leeuwen, W and Van der Krol, AR},
  journal={Plant Biology},
  volume={5},
  number={02},
  pages={103--115},
  year={2003},
  publisher={Georg Thieme Verlag Stuttgart{\textperiodcentered} New York}
},

@book{8,
  author    = {Dubey, R}, 
  title     = {Advanced biotechnology},
  publisher = {S. Chand \& Company Pvt. Ltd.},
  year      = 2014,
  address   = {New Delhi},
  edition   = 1,
},

@article{9,
  title={Molecular biology of bacterial bioluminescence.},
  author={Meighen, Edward A},
  journal={Microbiological reviews},
  volume={55},
  number={1},
  pages={123--142},
  year={1991},
  publisher={Am Soc Microbiol}
},

@article{10,
  title={Bacterial bioluminescence: organization, regulation, and application of the lux genes.},
  author={Meighen, Edward A},
  journal={The FASEB journal},
  volume={7},
  number={11},
  pages={1016--1022},
  year={1993},
  publisher={FASEB}
},

@misc{11,
author = {KEGG Pathway},
title = {Quorum sensing: map02024},
howpublished= {\url{http://www.genome.jp/dbget-bin/www_bget?pathway:map02024}}
},

@misc{12,
author = {UniprotKB},
title = {{LUXS\_ECOLI}},
howpublished={\url{http://www.uniprot.org/uniprot/P45578}}
},

@article{13,
  title={The LuxS family of bacterial autoinducers: biosynthesis of a novel quorum-sensing signal molecule},
  author={Schauder, Stephan and Shokat, Kevan and Surette, Michael G and Bassler, Bonnie L},
  journal={Molecular microbiology},
  volume={41},
  number={2},
  pages={463--476},
  year={2001},
  publisher={Wiley Online Library}
},

@misc{14,
author = {Letunic, I},
year = 2015,
title = {{phyloT}: phylogenetic Tree Generator},
howpublished={\url{http://phylot.biobyte.de/}}
},

@article{15,
  title={{phyloXML: XML} for evolutionary biology and comparative genomics},
  author={Han, Mira V and Zmasek, Christian M},
  journal={BMC bioinformatics},
  volume={10},
  number={1},
  pages={356},
  year={2009},
  publisher={BioMed Central}
},

@article{16,
  title={Prokka: rapid prokaryotic genome annotation},
  author={Seemann, Torsten},
  journal={Bioinformatics},
  volume={30},
  number={14},
  pages={2068--2069},
  year={2014},
  publisher={Oxford University Press}
},

@article{17,
  title={Prodigal: prokaryotic gene recognition and translation initiation site identification},
  author={Hyatt, Doug and Chen, Gwo-Liang and LoCascio, Philip F and Land, Miriam L and Larimer, Frank W and Hauser, Loren J},
  journal={BMC bioinformatics},
  volume={11},
  number={1},
  pages={119},
  year={2010},
  publisher={BioMed Central}
},

@misc{18,
  author = {WÃ¼thrich, D},
  title = {{pfastGO}},
  year = {2016},
  publisher = {GitHub},
  journal = {GitHub repository},
  howpublished = {\url{https://github.com/danielwuethrich87/pfastGO}},
  commit = {7f68d23778ea0d18b4d297e7f2c1df15b1ebc4bb}
},

@article{19,
  title={Fast genome-wide functional annotation through orthology assignment by eggNOG-mapper},
  author={Huerta-Cepas, Jaime and Forslund, Kristoffer and Pedro Coelho, Luis and Szklarczyk, Damian and Juhl Jensen, Lars and von Mering, Christian and Bork, Peer},
  journal={Molecular biology and evolution},
  pages={msx148},
  year={2017},
  publisher={Oxford University Press}
},

@article{20,
  title={{ProgressiveMauve:} multiple genome alignment with gene gain, loss and rearrangement},
  author={Darling, Aaron E and Mau, Bob and Perna, Nicole T},
  journal={PloS one},
  volume={5},
  number={6},
  pages={e11147},
  year={2010},
  publisher={Public Library of Science}
},

% Table References %

@book{21,
  author    = {Anthony H. Rose, and John Frome Wilkinson}, 
  title     = {Advances in microbial physiology},
  publisher = {Academic Press},
  year      = 1993,
  address   = {Great Britain},
  volume   = 34,
},

@article{22,
  title={The genome sequence of the fish pathogen Aliivibrio salmonicida strain LFI1238 shows extensive evidence of gene decay},
  author={Hjerde, Erik and Lorentzen, Marit Sjo and Holden, Matthew TG and Seeger, Kathy and Paulsen, Steinar and Bason, Nathalie and Churcher, Carol and Harris, David and Norbertczak, Halina and Quail, Michael A and others},
  journal={BMC genomics},
  volume={9},
  number={1},
  pages={616},
  year={2008},
  publisher={Springer}
},

@article{23,
  title={The population genetics of commensal Escherichia coli},
  author={Tenaillon, Olivier and Skurnik, David and Picard, Bertrand and Denamur, Erick},
  journal={Nature Reviews Microbiology},
  volume={8},
  number={3},
  pages={207--217},
  year={2010},
  publisher={Nature Publishing Group}
},

@article{24,
  title={Genome evolution in the obligate but environmentally active luminous symbionts of flashlight fish},
  author={Hendry, Tory A and de Wet, Jeffrey R and Dougan, Katherine E and Dunlap, Paul V},
  journal={Genome biology and evolution},
  volume={8},
  number={7},
  pages={2203--2213},
  year={2016},
  publisher={Oxford University Press}
},

@article{25,
  title={Vibrio azureus sp. nov., a luminous marine bacterium isolated from seawater},
  author={Yoshizawa, Susumu and Wada, Minoru and Kita-Tsukamoto, Kumiko and Ikemoto, Eiko and Yokota, Akira and Kogure, Kazuhiro},
  journal={International journal of systematic and evolutionary microbiology},
  volume={59},
  number={7},
  pages={1645--1649},
  year={2009},
  publisher={Microbiology Society}
},

@article{26,
  title={Genome sequence of the marine bacterium Vibrio campbellii DS40M4, isolated from open ocean water},
  author={Dias, Graciela M and Thompson, Cristiane C and Fishman, Brian and Naka, Hiroaki and Haygood, Margo G and Crosa, Jorge H and Thompson, Fabiano L},
  journal={Journal of bacteriology},
  volume={194},
  number={4},
  pages={904--904},
  year={2012},
  publisher={Am Soc Microbiol}
},

@article{27,
  title={Multilocus sequence analysis of putative Vibrio mediterranei strains and description of Vibrio thalassae sp. nov.},
  author={Tarazona, Eva and Lucena, Teresa and Arahal, David R and Maci{\'a}n, M Carmen and Ruvira, Mar{\'\i}a A and Pujalte, Mar{\'\i}a J},
  journal={Systematic and applied microbiology},
  volume={37},
  number={5},
  pages={320--328},
  year={2014},
  publisher={Elsevier}
},

@article{28,
  title={New Vibrio species associated to molluscan microbiota: a review},
  author={Romalde, Jes{\'u}s L and Di{\'e}guez, Ana L and Lasa, Aide and Balboa, Sabela},
  journal={Frontiers in microbiology},
  volume={4},
  pages={413},
  year={2014},
  publisher={Frontiers}
},

@article{d1,
  title={Sequence and Function of {LuxU}: a Two-Component Phosphorelay Protein That Regulates Quorum Sensing inVibrio harveyi},
  author={Freeman, Jeremy A and Bassler, Bonnie L},
  journal={Journal of bacteriology},
  volume={181},
  number={3},
  pages={899--906},
  year={1999},
  publisher={Am Soc Microbiol}
},

@article{d2,
  title={The uncultured luminous symbiont of Anomalops katoptron (Beryciformes: Anomalopidae) represents a new bacterial genus},
  author={Hendry, Tory A and Dunlap, Paul V},
  journal={Molecular phylogenetics and evolution},
  volume={61},
  number={3},
  pages={834--843},
  year={2011},
  publisher={Elsevier}
},

@article{d6,
  title={LuxG is a functioning flavin reductase for bacterial luminescence},
  author={Nijvipakul, Sarayut and Wongratana, Janewit and Suadee, Chutintorn and Entsch, Barrie and Ballou, David P and Chaiyen, Pimchai},
  journal={Journal of bacteriology},
  volume={190},
  number={5},
  pages={1531--1538},
  year={2008},
  publisher={Am Soc Microbiol}
},

@article{d7,
  title={{KEGG: Kyoto} encyclopedia of genes and genomes},
  author={Ogata, Hiroyuki and Goto, Susumu and Sato, Kazushige and Fujibuchi, Wataru and Bono, Hidemasa and Kanehisa, Minoru},
  journal={Nucleic acids research},
  volume={27},
  number={1},
  pages={29--34},
  year={1999},
  publisher={Oxford University Press}
},

@article{d8,
  title={Quorum sensing in Escherichia coli and Salmonella typhimurium},
  author={Surette, Michael G and Bassler, Bonnie L},
  journal={Proceedings of the National Academy of Sciences},
  volume={95},
  number={12},
  pages={7046--7050},
  year={1998},
  publisher={National Acad Sciences}
},

@article{d9,
  title={The ecological and medical aspects of the symbiosis between Escherichia coli and man},
  author={Gritsenko, VA and Bukharin, OV},
  journal={Zhurnal mikrobiologii, epidemiologii, i immunobiologii},
  number={3},
  pages={92--99},
  year={2000}
},

@article{d10,
  title={The origins of marine bioluminescence: turning oxygen defence mechanisms into deep-sea communication tools.},
  author={Rees, Jean-Fran{\c{c}}ois and De Wergifosse, Bertrand and Noiset, Olivier and Dubuisson, Marlene and Janssens, Bernadette and Thompson, Eric M},
  journal={Journal of Experimental Biology},
  volume={201},
  number={8},
  pages={1211--1221},
  year={1998},
  publisher={The Company of Biologists Ltd}
},

@article{t1,
  title={Reclassification of Vibrio fischeri, Vibrio logei, Vibrio salmonicida and Vibrio wodanis as Aliivibrio fischeri gen. nov., comb. nov., Aliivibrio logei comb. nov., Aliivibrio salmonicida comb. nov. and Aliivibrio wodanis comb. nov.},
  author={Urbanczyk, Henryk and Ast, Jennifer C and Higgins, Melissa J and Carson, Jeremy and Dunlap, Paul V},
  journal={International journal of systematic and evolutionary microbiology},
  volume={57},
  number={12},
  pages={2823--2829},
  year={2007},
  publisher={Microbiology Society}
},

@article{t2,
  title={Phylogenetic analysis of the incidence of lux gene horizontal transfer in Vibrionaceae},
  author={Urbanczyk, Henryk and Ast, Jennifer C and Kaeding, Allison J and Oliver, James D and Dunlap, Paul V},
  journal={Journal of bacteriology},
  volume={190},
  number={10},
  pages={3494--3504},
  year={2008},
  publisher={Am Soc Microbiol}
},

@article{t3,
  title={The uncultured luminous symbiont of Anomalops katoptron (Beryciformes: Anomalopidae) represents a new bacterial genus},
  author={Hendry, Tory A and Dunlap, Paul V},
  journal={Molecular phylogenetics and evolution},
  volume={61},
  number={3},
  pages={834--843},
  year={2011},
  publisher={Elsevier}
},

@article{t4,
  title={Genome (re-) annotation and open-source annotation pipelines},
  author={Siezen, Roland J and Van Hijum, Sacha AFT},
  journal={Microbial biotechnology},
  volume={3},
  number={4},
  pages={362--369},
  year={2010},
  publisher={Wiley Online Library}
},

@article{t5,
  title={Genome size in North American fireflies: Substantial variation likely driven by neutral processes},
  author={Lower, Sarah Sander and Spencer Johnston, J and Stanger-Hall, Kathrin and Hjelmen, Carl E and Hanrahan, Shawn J and Korunes, Katharine and Hall, David},
  journal={Genome biology and evolution},
  pages={evx097},
  year={2017},
  publisher={Oxford University Press}
}

